<record><leader>00000cas a22000007a 4500</leader><controlfield tag="001">31891661</controlfield><controlfield tag="008">950126d18801uuucauwr ne      0    0eng d</controlfield><datafield ind1=" " ind2=" " tag="010"><subfield code="a">sn 95062532 </subfield></datafield><datafield ind1=" " ind2=" " tag="040"><subfield code="a">CUY</subfield><subfield code="b">eng</subfield><subfield code="c">CNK</subfield><subfield code="d">OCLCQ</subfield></datafield><datafield ind1=" " ind2=" " tag="042"><subfield code="a">msc</subfield></datafield><datafield ind1=" " ind2=" " tag="043"><subfield code="a">n-us-ca</subfield></datafield><datafield ind1="0" ind2="4" tag="245"><subfield code="a">The weekly Bentonian.</subfield></datafield><datafield ind1=" " ind2=" " tag="260"><subfield code="a">Benton, Mono County, Cal. :</subfield><subfield code="b">Orlando E. Jones</subfield></datafield><datafield ind1=" " ind2=" " tag="300"><subfield code="a">v.</subfield></datafield><datafield ind1=" " ind2=" " tag="310"><subfield code="a">Weekly</subfield></datafield><datafield ind1="1" ind2=" " tag="362"><subfield code="a">Began in 1880.</subfield></datafield><datafield ind1=" " ind2=" " tag="588"><subfield code="a">Description based on: Vol. 2, no. 1 (Feb. 14, 1880).</subfield></datafield><datafield ind1=" " ind2="0" tag="651"><subfield code="a">Benton (Calif.)</subfield><subfield code="v">Newspapers.</subfield></datafield><datafield ind1=" " ind2=" " tag="752"><subfield code="a">United States</subfield><subfield code="b">California</subfield><subfield code="c">Mono</subfield><subfield code="d">Benton.</subfield></datafield><datafield ind1="0" ind2="0" tag="780"><subfield code="t">Semi-weekly Bentonian</subfield><subfield code="w">(DLC)sn 95062531</subfield></datafield><datafield ind1="1" ind2=" " tag="029"><subfield code="a">AU@</subfield><subfield code="b">000011526832</subfield></datafield></record>